<?xml version="1.0" encoding="UTF-8"?><record xmlns="http://www.loc.gov/MARC21/slim" xmlns:cinclude="http://apache.org/cocoon/include/1.0" xmlns:zs="http://www.loc.gov/zing/srw/">
  <leader>01365cz  a2200217n  4500</leader>
  <controlfield tag="001">n  80041541 </controlfield>
  <controlfield tag="003">DLC</controlfield>
  <controlfield tag="005">20081211102348.0</controlfield>
  <controlfield tag="008">830713n| acannaabn          |a ana      </controlfield>
  <datafield tag="010" ind1=" " ind2=" ">
    <subfield code="a">n  80041541 </subfield>
  </datafield>
  <datafield tag="035" ind1=" " ind2=" ">
    <subfield code="a">(OCoLC)oca00423593</subfield>
  </datafield>
  <datafield tag="040" ind1=" " ind2=" ">
    <subfield code="a">DLC</subfield>
    <subfield code="b">eng</subfield>
    <subfield code="c">DLC</subfield>
    <subfield code="d">DLC</subfield>
    <subfield code="d">OCoLC</subfield>
  </datafield>
  <datafield tag="110" ind1="1" ind2=" ">
    <subfield code="a">France.</subfield>
    <subfield code="b">Ministère des affaires sociales</subfield>
  </datafield>
  <datafield tag="410" ind1="1" ind2=" ">
    <subfield code="a">France.</subfield>
    <subfield code="b">Affaires sociales, Ministère des</subfield>
  </datafield>
  <datafield tag="510" ind1="1" ind2=" ">
    <subfield code="w">a</subfield>
    <subfield code="a">France.</subfield>
    <subfield code="b">Ministère du travail et de la sécurité sociale</subfield>
  </datafield>
  <datafield tag="510" ind1="1" ind2=" ">
    <subfield code="w">b</subfield>
    <subfield code="a">France.</subfield>
    <subfield code="b">Ministère d'Etat chargé des affaires sociales</subfield>
  </datafield>
  <datafield tag="510" ind1="1" ind2=" ">
    <subfield code="a">France.</subfield>
    <subfield code="b">Ministère du travail</subfield>
  </datafield>
  <datafield tag="667" ind1=" " ind2=" ">
    <subfield code="a">Retrospective heading</subfield>
  </datafield>
  <datafield tag="667" ind1=" " ind2=" ">
    <subfield code="a">Heading valid 1956-1959, 1966-1968.</subfield>
  </datafield>
  <datafield tag="670" ind1=" " ind2=" ">
    <subfield code="a">Bottin admin., 1956:</subfield>
    <subfield code="b">p. 122 (Decree of Feb. 7, 1956: Le Ministre des affaires sociales exerce les attributions précédemment dévolues au Ministre du travail et de la sécurité sociale et au Ministre de la santé publique et de la population); 1978: p. 802, etc. (Jan. 8, 1959-Jan. 8, 1966: Ministère du travail; Jan. 8, 1966-May 31, 1968: Ministère des affaires sociales; May 31, 1968-June 20, 1969: Ministère d'Etat chargé des affaires sociales)</subfield>
  </datafield>
  <datafield tag="670" ind1=" " ind2=" ">
    <subfield code="a">Its Le Ministère des affaires sociales, 1967:</subfield>
    <subfield code="b">p. 1 (Le Ministère des affaires sociales est né le 9 janvier 1966 de la réunion du Ministère du travail et de celui de la santé publique)</subfield>
  </datafield>
</record>